
@article{bartosRrcfImplementationRobust2019,
	title = {rrcf: {Implementation} of the {Robust} {Random} {Cut} {Forest} algorithm for anomaly detection on streams},
	volume = {4},
	issn = {2475-9066},
	shorttitle = {rrcf},
	url = {http://joss.theoj.org/papers/10.21105/joss.01336},
	doi = {10.21105/joss.01336},
	language = {en},
	number = {35},
	urldate = {2019-10-02},
	journal = {Journal of Open Source Software},
	author = {Bartos, Matthew and Mullapudi, Abhiram and Troutman, Sara},
	month = mar,
	year = {2019},
	pages = {1336},
	file = {Bartos et al. - 2019 - rrcf Implementation of the Robust Random Cut Fore.pdf:/Users/abhiram/Zotero/storage/KRJIAWML/Bartos et al. - 2019 - rrcf Implementation of the Robust Random Cut Fore.pdf:application/pdf}
}