
@article{mullapudiShapingStreamflowUsing2018,
	title = {Shaping {Streamflow} {Using} a {Real}-{Time} {Stormwater} {Control} {Network}},
	volume = {18},
	issn = {1424-8220},
	url = {http://www.mdpi.com/1424-8220/18/7/2259},
	doi = {10.3390/s18072259},
	language = {en},
	number = {7},
	urldate = {2019-03-22},
	journal = {Sensors},
	author = {Mullapudi, Abhiram and Bartos, Matthew and Wong, Brandon and Kerkez, Branko},
	month = jul,
	year = {2018},
	pages = {2259},
	file = {Full Text:/Users/abhiram/Zotero/storage/FF6VW35L/Mullapudi et al. - 2018 - Shaping Streamflow Using a Real-Time Stormwater Co.pdf:application/pdf}
}