
@article{mullapudiEmergingInvestigatorsSeries2017,
	title = {Emerging investigators series: building a theory for smart stormwater systems},
	volume = {3},
	issn = {2053-1400, 2053-1419},
	shorttitle = {Emerging investigators series},
	url = {http://xlink.rsc.org/?DOI=C6EW00211K},
	doi = {10.1039/C6EW00211K},
	language = {en},
	number = {1},
	urldate = {2019-03-22},
	journal = {Environmental Science: Water Research \& Technology},
	author = {Mullapudi, Abhiram and Wong, Brandon P. and Kerkez, Branko},
	year = {2017},
	pages = {66--77},
	file = {Mullapudi et al. - 2017 - Emerging investigators series building a theory f.pdf:/Users/abhiram/Zotero/storage/BRXGJY2D/Mullapudi et al. - 2017 - Emerging investigators series building a theory f.pdf:application/pdf}
}