%% This BibTeX bibliography file was created using BibDesk.
%% https://bibdesk.sourceforge.io/

%% Created for Abhiram Mullapudi at 2024-03-16 09:20:52 -0400 


%% Saved with string encoding Unicode (UTF-8) 

@unpublished{2024EWRI,
	author = {\textbf{Abhiram Mullapudi} and Mills, Nick and Loefller, Richard },
	month = {May},
	note = {EWRI},
	title = {FILL ME},
	year = {2024}}

@unpublished{2024LWWTP,
	author = {\textbf{Abhiram Mullapudi} and Mills, Nick and Loefller, Richard },
	month = {September},
	note = {LWWTP},
	title = {FILL ME},
	year = {2024}}

@unpublished{2024ICUD,
	author = {\textbf{Abhiram Mullapudi} and Kerkez, Branko},
	month = {June},
	note = {ICUD},
	title = {FILL ME},
	year = {2024}}

@unpublished{2023EWRI,
	author = {\textbf{Abhiram Mullapudi} and Erispaha, Adam and Johnston, Bailey and Manjiyani, Sohil},
	date-added = {2023-05-25 14:22:26 -0700},
	date-modified = {2023-05-25 14:26:06 -0700},
	month = {May},
	note = {EWRI},
	title = {Real-time monitoring and predictive maintenance of urban water networks using digital twins},
	year = {2023}}

@article{mason2022,
	author = {Brooke E. Mason and \textbf{Abhiram Mullapudi} and Cyndee Gruden and Branko Kerkez},
	date-added = {2023-01-23 15:21:31 -0500},
	date-modified = {2023-01-23 15:21:31 -0500},
	doi = {10.1080/1573062X.2022.2108464},
	eprint = {https://doi.org/10.1080/1573062X.2022.2108464},
	journal = {Urban Water Journal},
	number = {9},
	pages = {992-998},
	publisher = {Taylor \& Francis},
	title = {\href{https://www.tandfonline.com/doi/abs/10.1080/1573062X.2022.2108464}{Improvement of phosphorus removal in bioretention cells using real-time control}},
	url = {https://doi.org/10.1080/1573062X.2022.2108464},
	volume = {19},
	year = {2022},
	bdsk-url-1 = {https://doi.org/10.1080/1573062X.2022.2108464}}

@article{mason2021stormreactor,
	author = {Mason, Brooke E. and \textbf{Abhiram Mullapudi} and Kerkez, Branko},
	date-modified = {2022-01-27 23:17:48 -0500},
	doi = {https://doi.org/10.1016/j.envsoft.2021.105175},
	issn = {1364-8152},
	journal = {Environmental Modelling \& Software},
	pages = {105175},
	title = {\href{https://www.sciencedirect.com/science/article/pii/S1364815221002176}{StormReactor: An open-source Python package for the integrated modeling of urban water quality and water balance}},
	url = {https://www.sciencedirect.com/science/article/pii/S1364815221002176},
	volume = {145},
	year = {2021},
	bdsk-url-1 = {https://www.sciencedirect.com/science/article/pii/S1364815221002176},
	bdsk-url-2 = {https://doi.org/10.1016/j.envsoft.2021.105175}}

@phdthesis{mullapudi2020statistical,
	author = {\textbf{Abhiram Mullapudi}},
	school = {University of Michigan, Ann Arbor},
	title = {\href{https://github.com/abhiramm7/UofM-Doc-Thesis/blob/master/Dissertation_Abhi.pdf}{Statistical Learning Approaches For The Control Of Stormwater Systems}},
	year = {2020}}

@article{Mullapudi2020pyswmm,
	author = {McDonnell, Bryant E and Ratliff, Katherine and Tryby, Michael E and Wu, Jennifer Jia Xin and \textbf{Abhiram Mullapudi}},
	journal = {Journal of Open Source Software},
	number = {52},
	pages = {2292},
	title = {\href{https://joss.theoj.org/papers/10.21105/joss.02292.pdf}{PySWMM: The Python Interface to Storm\-water Management Model (SWMM)}},
	volume = {5},
	year = {2020}}

@unpublished{2022ICWMM,
	author = {\textbf{Abhiram Mullapudi} and Mason, Brooke E. and Wu, Jennifer and Karos, Constantine and Kerkez, Branko and Buahin, Caleb and McDonnell, Bryant E.},
	date-added = {2022-2-15 06:37:20 -0500},
	date-modified = {2022-2-15 06:40:58 -0500},
	month = {March},
	note = {International Conference on Water Management Modeling},
	title = {Enhancing the pollutant modeling capabilities of EPA-SWMM using PySWMM and StormReactor},
	year = {2022}}

@unpublished{2022EWRI,
	author = {\textbf{Abhiram Mullapudi} and Buahin, Caleb and Kertesz, Ruben},
	date-added = {2019-12-15 06:37:20 -0500},
	date-modified = {2019-12-15 06:40:58 -0500},
	month = {May},
	note = {EWRI},
	title = {A software framework for automating hydroinformatics-based workflows for real-world applications},
	year = {2022}}

@unpublished{2021EWRI,
	author = {Mason, Brooke E. and \textbf{Abhiram Mullapudi} and Kerkez, Branko},
	date-added = {2019-12-15 06:37:20 -0500},
	date-modified = {2019-12-15 06:40:58 -0500},
	month = {May},
	note = {EWRI},
	title = {Extending SWMM's water quality toolbox},
	year = {2021}}

@unpublished{2021ICWMM,
	author = {Wu, Jennifer and Buahin, Caleb and McDonnell, Bryant E. and \textbf{Abhiram Mullapudi} and Kertesz, Ruben},
	date-added = {2019-12-15 06:37:20 -0500},
	date-modified = {2019-12-15 06:40:58 -0500},
	month = {March},
	note = {International Conference on Water Management Modeling},
	title = {PySWMM-v1.0 Release: Advancing the Python interface to stormwater management for now and into the future},
	year = {2021}}

@unpublished{2020Borch,
	author = {Mason, Brooke E. and \textbf{Abhiram Mullapudi} and Kerkez, Branko},
	date-added = {2019-12-15 06:37:20 -0500},
	date-modified = {2019-12-15 06:40:58 -0500},
	month = {March},
	note = {Borchardt Conference: 25th Triennial Symposium on Advancements in Water \& Wastewater},
	title = {Improving pollutant removal with real-time control of stormwater networks},
	year = {2020}}

@unpublished{2019UFKON,
	author = {\textbf{Abhiram Mullapudi}},
	date-added = {2019-12-15 06:37:20 -0500},
	date-modified = {2019-12-15 06:40:58 -0500},
	month = {November},
	note = {Urban Flooding Open Knowledge Network},
	title = {Real-time monitoring and control of stormwater systems},
	year = {2019}}

@unpublished{2019AGUFM,
	author = {Troutman, Sara C. and Rimer, Sara P. and \textbf{Abhiram Mullapudi} and Kerkez, Branko},
	booktitle = {AGU Fall Meeting 2019},
	date-modified = {2022-01-27 23:17:37 -0500},
	note = {AGU},
	organization = {AGU},
	title = {A Benchmarking Library for Making Smart Stormwater Research Accessible},
	year = {2019}}

@unpublished{2019midce,
	author = {\textbf{Abhiram Mullapudi} and Kerkez, Branko},
	date-added = {2019-08-04 16:46:30 -0400},
	date-modified = {2019-08-04 16:49:09 -0400},
	month = {May},
	note = {MICDE},
	title = {Bayesian Optimization for Control of Stormwater Networks},
	year = {2019}}

@article{Rimer2019bench,
	author = {Rimer, Sara P. and \textbf{Abhiram Mullapudi} and Troutman, Sara C. and Ewing, Gregory and Sadler, Jeffrey M. and Goodall, Jonathan L. and Kertesz, Ruben and Hathaway, Jon M. and Kerkez, Branko},
	date-added = {2019-08-04 16:42:05 -0400},
	date-modified = {2023-01-23 11:55:35 -0500},
	journal = {Environmental Modelling and Software},
	title = {\href{https://arxiv.org/abs/2110.12289}{pystorms: a simulation sandbox for the design and evaluation of stormwater control algorithms}},
	year = {2023}}

@article{Mullapudi2023identification,
	author = {\textbf{Abhiram Mullapudi} and Kerkez, Branko},
	date-added = {2019-08-04 16:41:06 -0400},
	date-modified = {2024-03-16 09:20:46 -0400},
	journal = {arXiv preprint arXiv:2305.18630},
	title = {\href{https://arxiv.org/abs/2305.18630}{Identification of stormwater control strategies and their associated uncertainties using Bayesian Optimization}},
	year = {2023}}

@article{Mullapudi2020rl,
	author = {\textbf{Abhiram Mullapudi} and Lewis, Matthew and Gruden, Cyndee and Kerkez, Branko},
	date-added = {2019-08-04 16:34:07 -0400},
	date-modified = {2020-05-06 09:00:26 -0400},
	doi = {https://doi.org/10.1016/j.advwatres.2020.103600},
	journal = {Advances in Water Resources},
	title = {\href{http://www.sciencedirect.com/science/article/pii/S0309170820302499}{Deep Reinforcement Learning for the Real Time Control of Stormwater Systems}},
	year = {2020},
	bdsk-url-1 = {https://doi.org/10.1016/j.advwatres.2020.103600}}

@unpublished{2018weftec,
	author = {Ewing, Gregory and \textbf{Abhiram Mullapudi} and Troutman, Sara C. and Kerkez, Branko and Barrott, Wendy and Nastally, Christopher},
	date-added = {2019-08-04 15:35:41 -0400},
	date-modified = {2019-08-04 15:38:11 -0400},
	month = {October},
	note = {Weftec},
	title = {LIFT Smartwater Challenge : Open-Storm Detroit Dynamics},
	year = {2018}}

@unpublished{2019watermatex,
	author = {\textbf{Abhiram Mullapudi} and Rimer, Sara P. and Troutman, Sara C. and Kerkez, Branko},
	date-added = {2019-08-03 23:54:23 -0400},
	date-modified = {2019-08-04 10:00:03 -0400},
	month = {September},
	note = {Watermatex},
	title = {A Benchmarking Framework for Control of Smart Stormwater Networks},
	year = {2019}}

@unpublished{water[at]mich,
	author = {Troutman, Sara C. and \textbf{Abhiram Mullapudi} and Ewing, Gregory and Kerkez, Branko and Barrott, Wendy and Nastally, Christopher},
	date-added = {2019-08-03 23:47:04 -0400},
	date-modified = {2019-08-04 10:14:11 -0400},
	month = {June},
	note = {Water at Michigan},
	title = {Open-Storm Detroit Dynamics},
	year = {2019}}

@unpublished{2019ewri,
	author = {Rimer, Sara P. and \textbf{Abhiram Mullapudi} and Troutman, Sara C. and Kerkez, Branko},
	date-added = {2019-08-03 23:39:24 -0400},
	date-modified = {2019-08-04 10:05:37 -0400},
	month = {June},
	note = {EWRI},
	title = {A Benchmarking Framework for Smart Stormwater Systems},
	year = {2019}}

@unpublished{2019ccwi,
	author = {Troutman, Sara C. and \textbf{Abhiram Mullapudi} and Rimer, Sara P. and Kerkez, Branko},
	date-added = {2019-08-03 23:37:21 -0400},
	date-modified = {2019-08-04 10:16:30 -0400},
	month = {September},
	note = {CCWI},
	title = {A benchmarking framework for evaluating the performance of control algorithms in smart stormwater networks},
	year = {2019}}

@article{bartos2019rrcf,
	author = {Bartos, Matthew D. and \textbf{Abhiram Mullapudi} and Troutman, Sara C.},
	date-added = {2019-08-03 21:25:37 -0400},
	date-modified = {2019-08-04 10:01:40 -0400},
	journal = {The Journal of Open Source Software},
	pages = {1336},
	title = {\href{https://joss.theoj.org/papers/10.21105/joss.01336}{rrcf: Implementation of the Robust Random Cut Forest algorithm for anomaly detection on streams}},
	volume = {4},
	year = {2019}}

@article{Rimer_2019,
	author = {Rimer, Sara P. and \textbf{Abhiram Mullapudi} and Troutman, Sara C. and Kerkez, Branko},
	date-added = {2019-08-03 21:24:03 -0400},
	date-modified = {2019-08-03 21:24:03 -0400},
	doi = {10.1145/3302509.3313336},
	isbn = {9781450362856},
	journal = {Proceedings of the 10th ACM/IEEE International Conference on Cyber-Physical Systems - ICCPS '19},
	publisher = {ACM Press},
	title = {A benchmarking framework for control and optimization of smart stormwater networks},
	url = {http://dx.doi.org/10.1145/3302509.3313336},
	year = {2019},
	bdsk-url-1 = {http://dx.doi.org/10.1145/3302509.3313336}}

@unpublished{2018hicl,
	author = {Kerkez, Branko and \textbf{Abhiram Mullapudi} and Bartos, Matthew D and Wong, Brandon P.},
	date-added = {2019-08-03 23:20:46 -0400},
	date-modified = {2019-08-04 09:54:18 -0400},
	month = {July},
	note = {HIC},
	title = {Characterizing a controllable urban watershed},
	year = {2018}}

@unpublished{2018hic,
	author = {\textbf{Abhiram Mullapudi} and Kerkez, Branko},
	date-added = {2019-08-03 23:19:18 -0400},
	date-modified = {2019-08-04 09:54:56 -0400},
	month = {July},
	note = {HIC},
	title = {Autonomous Control of Urban Storm Water Networks Using Reinforcement Learning},
	year = {2018}}

@unpublished{2018ewril,
	author = {Kerkez, Branko and \textbf{Abhiram Mullapudi} and Bartos, Matthew D and Wong, Brandon P.},
	date-added = {2019-08-03 23:07:40 -0400},
	date-modified = {2019-08-04 09:57:19 -0400},
	month = {June},
	note = {EWRI},
	title = {Results from the real-time control of an urban watershed: coordinating outflows to shape flows and water quality},
	year = {2018}}

@unpublished{2018ewri,
	author = {\textbf{Abhiram Mullapudi} and Kerkez, Branko},
	date-added = {2019-08-03 22:44:39 -0400},
	date-modified = {2019-08-04 09:57:59 -0400},
	month = {June},
	note = {EWRI},
	title = {Deep Reinforcement Learning based Autonomous Storm Water Networks},
	year = {2018}}

@article{Mullapudi2018,
	author = {\textbf{Abhiram Mullapudi} and Bartos, Matthew D. and Wong, Brandon P. and Kerkez, Branko},
	date-added = {2019-08-03 21:23:52 -0400},
	date-modified = {2019-08-04 10:01:10 -0400},
	doi = {10.3390/s18072259},
	issn = {1424-8220},
	journal = {Sensors},
	month = {Jul},
	number = {7},
	pages = {2259},
	publisher = {MDPI AG},
	title = {\href{https://randomstorms.net/data/papers/shapingwater.pdf}{Shaping Streamflow Using a Real-Time Stormwater Control Network}},
	url = {http://dx.doi.org/10.3390/s18072259},
	volume = {18},
	year = {2018},
	bdsk-url-1 = {http://dx.doi.org/10.3390/s18072259}}

@unpublished{2017rldm,
	author = {\textbf{Abhiram Mullapudi} and Lewis, Matthew and Gruden, Cyndee and Kerkez, Branko},
	date-added = {2019-08-03 22:31:43 -0400},
	date-modified = {2019-08-04 09:50:33 -0400},
	month = {June},
	note = {RLDM},
	title = {Control of Large Scale Storm-Water Networks using Reinforcement Learning},
	year = {2017}}

@unpublished{2017ica,
	author = {\textbf{Abhiram Mullapudi} and Lewis, Matthew and Gruden, Cyndee and Kerkez, Branko},
	date-added = {2019-08-03 22:30:50 -0400},
	date-modified = {2019-08-04 09:50:14 -0400},
	month = {June},
	note = {ICA},
	title = {Real-Time Control of Storm Water using Reinforcement Learning},
	year = {2017}}

@unpublished{2017ewrip,
	author = {Kerkez, Branko and \textbf{Abhiram Mullapudi} and Wong, Brandon P.},
	date-added = {2019-08-03 22:28:32 -0400},
	date-modified = {2019-08-04 09:51:06 -0400},
	month = {May},
	note = {EWRI},
	title = {An Optimization and Simulation Framework for Smart Stormwater Systems},
	year = {2017}}

@unpublished{2017ewri,
	author = {\textbf{Abhiram Mullapudi} and Lewis, Matthew and Gruden, Cyndee and Kerkez, Branko},
	date-added = {2019-08-03 22:16:19 -0400},
	date-modified = {2019-08-04 09:51:56 -0400},
	month = {May},
	note = {EWRI},
	title = {Real-time control of storm water using Reinforcement Learning},
	year = {2017}}

@unpublished{2017AEESP,
	author = {Kerkez, Branko and \textbf{Abhiram Mullapudi} and Wong, Brandon P.},
	date-added = {2019-08-03 21:38:53 -0400},
	date-modified = {2019-12-01 17:46:09 -0500},
	month = {June},
	note = {AEESP},
	title = {A modeling framework for the real-time control of distributed stormwater assets},
	year = {2017}}

@article{Mullapudi2017,
	author = {\textbf{Abhiram Mullapudi} and Wong, Brandon P. and Kerkez, Branko},
	date-added = {2019-08-03 21:23:40 -0400},
	date-modified = {2019-08-03 21:23:40 -0400},
	doi = {10.1039/c6ew00211k},
	issn = {2053-1419},
	journal = {Environmental Science: Water Research \& Technology},
	number = {1},
	pages = {66--77},
	publisher = {Royal Society of Chemistry (RSC)},
	title = {\href{https://randomstorms.net/data/papers/stormwatertheory.pdf}{Emerging investigators series: building a theory for smart stormwater systems}},
	url = {http://dx.doi.org/10.1039/C6EW00211K},
	volume = {3},
	year = {2017},
	bdsk-url-1 = {http://dx.doi.org/10.1039/C6EW00211K},
	bdsk-url-2 = {http://dx.doi.org/10.1039/c6ew00211k}}

@unpublished{2017AGUFM,
	adsnote = {Provided by the SAO/NASA Astrophysics Data System},
	adsurl = {https://ui.adsabs.harvard.edu/abs/2017AGUFM.H14C..05R},
	author = {Rimer, Sara P. and \textbf{Abhiram Mullapudi} and Kerkez, Branko},
	date-modified = {2022-01-27 23:17:27 -0500},
	month = dec,
	note = {(AGU)},
	title = {{Using Agent-Based Modeling to Enhance System-Level Real-time Control of Urban Stormwater Systems}},
	year = 2017}

@unpublished{2016AGUFM,
	adsnote = {Provided by the SAO/NASA Astrophysics Data System},
	adsurl = {https://ui.adsabs.harvard.edu/abs/2016AGUFM.H11H..02K},
	author = {Kerkez, Branko and \textbf{Abhiram Mullapudi} and Wong, Brandon P.},
	date-modified = {2022-01-27 23:17:19 -0500},
	month = dec,
	note = {AGU},
	title = {{Toward city-scale water quality control: building a theory for smart stormwater systems}},
	year = 2016}
